@InCollection{Yi:2015:SFC:2757384.2757397,
 author = {Yi, Shanhe and Li, Cheng and Li, Qun},
 title = {A Survey of Fog Computing: Concepts, Applications and Issues},
 booktitle = {Proceedings of the 2015 Workshop on Mobile Big Data},
 series = {Mobidata '15},
 year = {2015},
 isbn = {978-1-4503-3524-9},
 location = {Hangzhou, China},
 pages = {37--42},
 numpages = {6},
 url = {http://doi.acm.org/10.1145/2757384.2757397},
 doi = {10.1145/2757384.2757397},
 acmid = {2757397},
 publisher = {ACM},
 address = {New York, NY, USA},
 keywords = {cloud computing, edge computing, fog computing, mobile cloud computing, mobile edge computing, review},
} 

@InCollection{migrate,
  author = 	 {Hong Yao, Changmin Bai, Deze Zeng, Qingzhong Liang, and Yuanyuan Fan},
  title = 	 {Migrate or not? exploring virtual machine migration in roadside cloudlet-based vehicular cloud},
}

@InCollection{toward,
  author = 	 {Rong Yu, Yan Zhang, Stein Gjessing, Wenlong Xia, and Kun Yang},
  title = 	 {Toward cloud-based vehicular networks with efficient resource management},
}

@InCollection{roger,
  author = 	 {Roger Kreutz Immich},
  title = 	 {Mechanisms for Resilient Video Transmission},
}

@InCollection{5,
  title = 	 {MPEG-DASH vs. Apple HLS vs. Microsoft Smooth Streaming vs. Adobe HDS},
  link = 	 {https://bitmovin.com/mpeg-dash-vs-apple-hls-vs-microsoft-smooth-streaming-vs-adobe-hds/},
}

@InCollection{6,
  title = 	 {CDN},
  link = 	 {https://en.wikipedia.org/wiki/Content_delivery_network},
}

@InCollection{7,
  title = 	 {Codec},
  link = 	 {https://pt.wikipedia.org/wiki/Codec},
}

@InCollection{8,
  title = 	 {},
  link = 	 {http://www.streamingmedia.com/Articles/Editorial/What-Is-.../What-is-MPEG-DASH-79041.aspx},
}

@InCollection{9,
  title = 	 {},
  link = 	 {https://www.dacast.com/blog/explaining-mpeg-dash/},
}

@InCollection{10,
  title = 	 {},
  link = 	 {https://www.encoding.com/mpeg-dash/},
}

@InCollection{11,
  title = 	 {},
  link = 	 {http://www.streamingmediaglobal.com/Articles/Editorial/Featured-Articles/The-State-of-MPEG-DASH-2017-116505.aspx},
}

@InCollection{omnet,
  title = 	 {OMNeT++},
  link = 	 {https://www.omnetpp.org/},
}

@InCollection{inet,
  title = 	 {INET Framework},
  link = 	 {https://inet.omnetpp.org/},
}

@InCollection{roger,
  title = 	 {navarrojoaquin - GitHub, https://github.com/navarrojoaquin/adaptive-video-tcp-omnet},
}

@InCollection{roger,
  title = 	 {VehicularNetworksIC - GitHub, https://github.co /andersonandrei/VehicularNetworksIC/},
}
		
		
		
		